<?xml version="1.0" encoding="UTF-8"?><collection xmlns="http://www.loc.gov/MARC21/slim"><record><leader>00357nam--2200133-i-4500</leader><controlfield tag="001">000043910</controlfield><controlfield tag="002">20161230</controlfield><controlfield tag="005">20161230201044</controlfield><controlfield tag="008">060222s1000------------r-----000-0-eng-d</controlfield><datafield ind1=" " ind2=" " tag="080"><subfield code="a">615.849:621.039.85</subfield></datafield><datafield ind1=" " ind2=" " tag="245"><subfield code="a">Radiopharmaceuticals</subfield></datafield><datafield ind1=" " ind2=" " tag="260"><subfield code="a">New York, The Society Of Nuclear Medicine, Inc., 1957, Xv+555p</subfield></datafield><datafield ind1=" " ind2=" " tag="700"><subfield code="a">Subramanian, Gopal</subfield></datafield><datafield ind1=" " ind2=" " tag="852"><subfield code="a">47108</subfield></datafield></record></collection>